@misc{LatticeTutorial,
      title={A Tutorial Introduction to Lattice-based Cryptography and Homomorphic Encryption}, 
      author={Yang Li and Kee Siong Ng and Michael Purcell},
      year={2022},
      eprint={2208.08125},
      archivePrefix={arXiv},
      primaryClass={cs.CR}
}

@BOOK{Algebra,
  title     = "Algebra",
  author    = "Plaumann, Daniel",
  publisher = "Springer Berlin Heidelberg",
  year      =  2023,
  address   = "Berlin, Heidelberg",
  copyright = "https://www.springernature.com/gp/researchers/text-and-data-mining"
}
